@inproceedings{bib:2013-roland-woot,
    title = {{Cloning Credit Cards: A combined pre-play and downgrade attack on EMV Contactless}},
    author = {Roland, Michael and Langer, Josef},
    booktitle = {7th USENIX Workshop on Offensive Technologies},
    location = {Washington, DC, USA},
    publisher = {USENIX},
    url = {https://www.usenix.org/conference/woot13/workshop-program/presentation/roland},
    year = {2013},
    month = AUG
}

@misc{intel_avx512_2023,
	title = {{Intel AVX-512 Instructions}},
	author = {{Intel Corporation}},
	year = {2023},
	url = {https://www.intel.com/content/www/us/en/developer/articles/technical/intel-avx-512-instructions.html},
	publisher = {Intel},
	note = {Accessed: 2025-01-11}
}

@mastersthesis{identifier,
	author = {D.A.M. Koene},
	title = {{Implementation and Evaluation of Packed-SIMD Instructions for a
	RISC-V Processor}},
	school = {TU Delft},
	year = {2021},
	month = AUG,
	address = {Delft, Netherlands},
	type = {Master's thesis}
}

@techreport{riscv_p_ext_proposal,
	title = {{RISC-V P-Extension Proposal}},
	author = {{RISC-V International}},
	year = {2021},
	institution = {RISC-V International},
	type = {Extension Specification},
	url = {https://github.com/riscv/riscv-p-spec/blob/master/P-ext-proposal.pdf},
	note = {GitHub Repository: riscv/riscv-p-spec},
	version = {0.9.11-draft-20211209}
}

@techreport{riscv_v_ext_spec,
	title = {{RISC-V "V" Vector Extension}},
	author = {{RISC-V International}},
	institution = {RISC-V International},
	type = {Extension Specification},
	url = {https://github.com/riscvarchive/riscv-v-spec/blob/master/v-spec.adoc},
	note = {GitHub Repository: riscv/riscv-v-spec},
	year = {2024}
}

@article{li2023simd,
	title = {{SIMD Everywhere Optimization from ARM NEON to RISC-V Vector Extensions}},
	author = {Li, Ju-Hung and Lin, Jhih-Kuan and Su, Yung-Cheng and Chu, Chi-Wei and Kuok, Lai-Tak and Lai, Hung-Ming and Lee, Chao-Lin and Lee, Jenq-Kuen},
	journal = {arXiv preprint arXiv:2309.16509},
	year = {2023},
	month = sep,
	url = {https://arxiv.org/pdf/2309.16509},
	archivePrefix = {arXiv},
	eprint = {2309.16509},
	primaryClass = {cs.DC}
}

@misc{computerbase_avx_2008,
	title = {{SSE-Nachfolger heißt AVX und ist 256 Bit breit}},
	author = {Hübner, Thomas},
	year = {2008},
	month = MAR,
	url = {https://www.computerbase.de/2008-03/sse-nachfolger-heisst-avx-und-ist-256-bit-breit/},
	publisher = {ComputerBase},
	note = {Accessed: 2025-01-11}
}

@article{simd_access_patterns,
	author={Chang, Hoseok and Sung, Wonyong},
	journal={IEEE Transactions on Computer-Aided Design of Integrated Circuits and Systems}, 
	title={Access-Pattern-Aware On-Chip Memory Allocation for SIMD Processors}, 
	year={2009},
	volume={28},
	number={1},
	pages={158-163},
	keywords={Frequency;Pattern analysis;Performance analysis;Benchmark testing;Motion estimation;Discrete cosine transforms;Arithmetic;Clocks;Power generation economics;Educational technology;Code generation;dynamic memory allocation;interleaved memory;on-chip memory allocation;Single Instruction Multiple Data (SIMD) processor},
	doi={10.1109/TCAD.2008.2009145}
}